%% This BibTeX bibliography file was created using BibDesk.
%% https://bibdesk.sourceforge.io/

%% Created for Erin Schuman at 2025-06-19 14:54:39 -0400 


%% Saved with string encoding Unicode (UTF-8) 



@webpage{Satyendra_CokingCoal_2013,
	date-added = {2025-06-19 14:52:31 -0400},
	date-modified = {2025-06-19 14:53:56 -0400},
	keywords = {COG uses},
	lastchecked = {06/19/2025},
	month = {04},
	url = {https://www.ispatguru.com/coke-oven-gas-generation-and-usage/},
	year = {2013}}

@webpage{INOVA_2025,
	date-added = {2025-06-19 14:50:56 -0400},
	date-modified = {2025-06-19 14:52:27 -0400},
	keywords = {CO gas treatment energy},
	lastchecked = {06/19/2025},
	url = {https://www.kanadevia-inova.com/renewable-gas/liquefaction/ },
	year = {2025}}

@article{Carmona_2019,
	author = {Carmona, Luis Gabriel and Whiting, Kai and Carrasco, Angeles and Sousa, Tania},
	date-added = {2025-06-19 14:48:30 -0400},
	date-modified = {2025-06-19 14:49:24 -0400},
	journal = {Energy Conversion and Management},
	keywords = {coke oven energy},
	month = {06},
	title = {The evolution of resource efficiency in the United Kingdom's steel sector: An exergy approach},
	year = {2019}}

@article{Uni_Cape_Town_2002,
	author = {Energy Research Institute, University of Cape Town},
	date-added = {2025-06-12 15:30:17 -0400},
	date-modified = {2025-06-12 15:32:18 -0400},
	journal = {Department of Minerals and Energy Eskom},
	keywords = {iron ore hauling},
	month = {05},
	pages = {53},
	title = {Energy Outlook for South Africa: 2002},
	year = {2002}}

@webpage{Engineering_Toolbox,
	date-added = {2025-06-12 15:25:21 -0400},
	date-modified = {2025-06-12 15:26:22 -0400},
	keywords = {LHV, NCV},
	lastchecked = {06/12/2025},
	url = {https://www.engineeringtoolbox.com/fuels-higher-calorific-values-d_169.html},
	year = {2003},
	bdsk-url-1 = {https://www.engineeringtoolbox.com/fuels-higher-calorific-values-d_169.html}}

@webpage{Valero_2018,
	date-added = {2025-06-12 15:23:36 -0400},
	date-modified = {2025-06-12 15:24:17 -0400},
	keywords = {b_ch, calculator},
	lastchecked = {06/12/2025},
	url = {https://www.exergoecology.com/excalc/new_calc_exergy},
	year = {2018},
	bdsk-url-1 = {https://www.exergoecology.com/excalc/new_calc_exergy}}

@webpage{Gibbs_formation,
	date-added = {2025-06-12 15:21:17 -0400},
	date-modified = {2025-06-12 15:22:59 -0400},
	keywords = {Thermochemical Values},
	lastchecked = {06/12/2025},
	url = {https://www.vaxasoftware.com/index.html},
	year = {2025},
	bdsk-url-1 = {https://www.vaxasoftware.com/index.html}}

@article{Jamison_2015,
	author = {Jamison, Keith and Kramer, Caroline and Brueske, Sabine and Fisher, Aaron},
	date-added = {2025-06-12 15:15:00 -0400},
	date-modified = {2025-06-12 15:17:49 -0400},
	journal = {Energy Efficiency and Renewable Energy},
	keywords = {energy input, BF},
	month = {06},
	pages = {67},
	title = {Bandwidth Study on Energy Use and Potential Energy Saving Opportunities in U.S. Iron and Steel Manufacturing},
	year = {2015}}

@inbook{Saidur_2011,
	author = {Saidur, Rahman and Hossain, Md and Islam, M.R. and Hussain, Fayaz and Mohammed, Hussein},
	chapter = {15},
	date-added = {2025-06-12 15:10:21 -0400},
	date-modified = {2025-06-12 15:14:03 -0400},
	keywords = {kiln,ratios},
	month = {01},
	pages = {2487-2500},
	publisher = {Renewable and Sustainable Energy Reviews},
	title = {A review on kiln system modeling.},
	year = {2011}}

@inbook{Eriksson_2014,
	author = {Eriksson, Matias and Hokfors, Bodil and Backman, Rainer},
	date-added = {2025-06-12 14:51:42 -0400},
	date-modified = {2025-06-12 14:56:09 -0400},
	keywords = {heat energy, kiln},
	month = {08},
	pages = {204-215},
	publisher = {Society of Chemical Industry, John Wiley and Sons Ltd.},
	title = {Energy Science and Engineering},
	volume = {2},
	year = {2014}}

@webpage{Satyendra_2013,
	date-added = {2025-06-12 14:50:04 -0400},
	date-modified = {2025-06-12 14:51:34 -0400},
	keywords = {calcination, limestone},
	lastchecked = {06/12/2025},
	month = {05},
	url = {https://www.ispatguru.com/calcination-of-limestone/},
	year = {2013},
	bdsk-url-1 = {https://www.ispatguru.com/calcination-of-limestone/}}

@article{Zhang_2019,
	author = {Zhang, Wei and Hua, Fubo and Dai, Jing and Xue, Zhengliang and Ma, Guojun and li, Chengzhi},
	date-added = {2025-06-12 12:11:44 -0400},
	date-modified = {2025-06-12 12:15:21 -0400},
	journal = {Metals},
	keywords = {ash comp.},
	month = {04},
	pages = {470},
	title = {Isothermal Kinetic Mechanism of Coke Dissolving in Hot Metal},
	volume = {9},
	year = {2019}}

@webpage{Eqns_BF,
	date-added = {2025-06-12 12:05:57 -0400},
	date-modified = {2025-06-12 12:08:27 -0400},
	keywords = {chem eqns. BF},
	lastchecked = {06/12/2025},
	month = {11},
	url = {https://www.economics.utoronto.ca/munro5/BlastFurnaceHydraulic.pdf},
	year = {2007},
	bdsk-url-1 = {https://www.economics.utoronto.ca/munro5/BlastFurnaceHydraulic.pdf}}

@webpage{Anthracite_comp,
	date-added = {2025-06-12 12:05:20 -0400},
	date-modified = {2025-06-12 12:05:53 -0400},
	keywords = {anthrocite comp.},
	lastchecked = {06/11/2025},
	url = {https://www.uky.edu/KGS/coal/coal-anthracite.php},
	bdsk-url-1 = {https://www.uky.edu/KGS/coal/coal-anthracite.php}}

@webpage{COG_Comp,
	date-added = {2025-06-12 12:04:13 -0400},
	date-modified = {2025-06-12 12:05:18 -0400},
	keywords = {COG composition, Table 1},
	lastchecked = {06/11/2025},
	url = {https://www.ispatguru.com/coke-oven-gas-generation-and-usage/},
	bdsk-url-1 = {https://www.ispatguru.com/coke-oven-gas-generation-and-usage/}}

@article{Matsuhashi_2012,
	author = {Matsuhashi, Shouhei and Kurosawa, Hiroyuki and Natsui, Shungo and Kon, Tatsuya and Ueda, Shigeru and Inoue, Ryo and Ariyama, Tatsuro},
	chapter = {Table 3},
	date-added = {2025-06-12 12:01:16 -0400},
	date-modified = {2025-06-12 12:04:02 -0400},
	journal = {ISIJ International},
	keywords = {Coke:Coal ratio},
	title = {Evaluation of Coke Mixed Charging Based on Packed Bed Structure and Gas Permeability Changes in Blast Furnace by DEM-CFD Model},
	year = {2012}}

@inbook{Ore_2025,
	chapter = {2,4,9},
	date-added = {2025-06-12 11:59:28 -0400},
	date-modified = {2025-06-12 12:10:12 -0400},
	keywords = {iron energy inputs},
	pages = {18-23,11-12,9-10},
	title = {Energy and Environmental Profile of the U.S. Mining Industry}}

@inbook{Dean_1979,
	address = {New York, New York},
	author = {Dean, John A.},
	chapter = {9},
	date-added = {2025-06-12 11:57:07 -0400},
	date-modified = {2025-06-12 11:58:40 -0400},
	keywords = {Gibbs Energy of formation},
	pages = {4-94},
	publisher = {McGraw-Hill},
	title = {Lange's Handbook of Chemistry},
	year = {1979}}

@webpage{Fisher_2025,
	author = {Fisher Scientific},
	date-added = {2025-06-12 11:54:50 -0400},
	date-modified = {2025-06-12 11:59:20 -0400},
	keywords = {molecular weight},
	title = {Atomic Weights of the Elements},
	url = {https://www.fishersci.com/content/dam/fishersci/en_US/documents/programs/scientific/technical-documents/data-sheets/fisher-scientific-atomic-weights-datasheet.pdf},
	urldate = {06/11/2025},
	year = {2025},
	bdsk-url-1 = {https://www.fishersci.com/content/dam/fishersci/en_US/documents/programs/scientific/technical-documents/data-sheets/fisher-scientific-atomic-weights-datasheet.pdf}}

@inbook{Kotas_1995,
	address = {Malabar, Florida},
	author = {Kotas, T.J.},
	chapter = {Appendix C.3},
	date-added = {2025-06-12 11:52:38 -0400},
	date-modified = {2025-06-12 11:54:45 -0400},
	keywords = {Anthrocite coal, exergy},
	publisher = {Krieger Publishing Company},
	title = {The Exergy Method of Thermal Plant Analysis},
	year = {1995}}

@inbook{Cengel_2015,
	address = {New York, New York},
	author = {Cengel, Yunus A.; Boles, Michael, A.},
	chapter = {Appendix 1},
	date-added = {2025-06-12 11:50:00 -0400},
	date-modified = {2025-06-12 11:52:28 -0400},
	edition = {8},
	keywords = {entropy, enthalpy},
	pages = {926-936},
	publisher = {McGraw-Hill},
	title = {Thermodynamics, An Engineering Approach},
	year = {2015}}

@inbook{Valero_2015,
	author = {A. {Valero Capilla} and A. {Valero Delgado}},
	chapter = {9},
	date-added = {2025-06-12 11:46:47 -0400},
	date-modified = {2025-06-12 11:49:50 -0400},
	keywords = {b_ch, b_c},
	pages = {276-280},
	publisher = {World Scientific Publishing Co. Pte. Ltd},
	read = {0},
	title = {Thanatia, The Destiny of the Earth's Mineral Resources},
	year = {2015},
	bdsk-file-1 = {YnBsaXN0MDDSAQIDBFxyZWxhdGl2ZVBhdGhYYm9va21hcmtfEBYuLi8uLi8uLi9UaGFuYXRpYSBDaC45TxEDnGJvb2ucAwAAAAAEEDAAAAAAAAAAAAAAAAAAAAAAAAAAAAAAAAAAAAAAAAAAAAAAAJgCAAAFAAAAAQEAAFVzZXJzAAAACwAAAAEBAABlcmluc2NodW1hbgAJAAAAAQEAAERvY3VtZW50cwAAAA0AAAABAQAAVGhhbmF0aWEgQ2guOQAAABAAAAABBgAABAAAABQAAAAoAAAAPAAAAAgAAAAEAwAAbkgAAAAAAAAIAAAABAMAALA6BwAAAAAACAAAAAQDAADhOgcAAAAAAAgAAAAEAwAAmBogAAAAAAAQAAAAAQYAAGwAAAB8AAAAjAAAAJwAAAAIAAAAAAQAAEHG+PawMcAUGAAAAAECAAABAAAAAAAAAA8AAAAAAAAAAAAAAAAAAAAIAAAABAMAAAIAAAAAAAAABAAAAAMDAAD2AQAACAAAAAEJAABmaWxlOi8vLwwAAAABAQAATWFjaW50b3NoIEhECAAAAAQDAAAA4AHj6AAAAAgAAAAABAAAQcbjmoUAAAAkAAAAAQEAADcwNzQ1QzBBLTAxQjEtNDQ1NC05QkJDLTkwOTAzNEY0NkU0NRgAAAABAgAAgQAAAAEAAADvEwAAAQAAAAAAAAAAAAAAAQAAAAEBAAAvAAAAAAAAAAEFAADcAAAAAQIAADQ4ZGIyNjIwY2U5YTRhNjljZDI0ODE2NGZiYWI0NjVkODgzOTYzZDlmMTYzMGVmN2Y3MWZkOThjODc0N2E5MzU7MDA7MDAwMDAwMDA7MDAwMDAwMDA7MDAwMDAwMDA7MDAwMDAwMDAwMDAwMDAyMDtjb20uYXBwbGUuYXBwLXNhbmRib3gucmVhZC13cml0ZTswMTswMTAwMDAwNjswMDAwMDAwMDAwMjAxYTk4OzVmOy91c2Vycy9lcmluc2NodW1hbi9kb2N1bWVudHMvdGhhbmF0aWEgY2guOQDMAAAA/v///wEAAAAAAAAAEAAAAAQQAABUAAAAAAAAAAUQAACsAAAAAAAAABAQAADUAAAAAAAAAEAQAADEAAAAAAAAAAIgAACgAQAAAAAAAAUgAAAQAQAAAAAAABAgAAAgAQAAAAAAABEgAABUAQAAAAAAABIgAAA0AQAAAAAAABMgAABEAQAAAAAAACAgAACAAQAAAAAAADAgAACsAQAAAAAAAAHAAAD0AAAAAAAAABHAAAAUAAAAAAAAABLAAAAEAQAAAAAAAIDwAAC0AQAAAAAAAAAIAA0AGgAjADwAAAAAAAACAQAAAAAAAAAFAAAAAAAAAAAAAAAAAAAD3A==}}

@comment{BibDesk URL Groups{
<?xml version="1.0" encoding="UTF-8"?>
<!DOCTYPE plist PUBLIC "-//Apple//DTD PLIST 1.0//EN" "http://www.apple.com/DTDs/PropertyList-1.0.dtd">
<plist version="1.0">
<array>
	<dict>
		<key>URL</key>
		<string>file:///Users/erinschuman/Documents/github/MaterialExergyPaper2025/References/MaterialExergyReferences-1.bib</string>
		<key>group name</key>
		<string>MaterialExergyReferences-1.bib</string>
	</dict>
</array>
</plist>
}}
