%% This BibTeX bibliography file was created using BibDesk.
%% https://bibdesk.sourceforge.io/

%% Created for Matt at 2025-06-21 21:18:35 +0100 


%% Saved with string encoding Unicode (UTF-8) 



@misc{Fisher_2025,
	author = {{Fisher Scientific}},
	date-added = {2025-06-21 21:13:26 +0100},
	date-modified = {2025-06-21 21:18:25 +0100},
	howpublished = {\url{https://www.fishersci.com/content/dam/fishersci/en_US/documents/programs/scientific/technical-documents/data-sheets/fisher-scientific-atomic-weights-datasheet.pdf}},
	keywords = {molecular weight},
	title = {Atomic Weights of the Elements},
	urldate = {06/11/2025},
	year = {2025},
	bdsk-url-1 = {https://www.fishersci.com/content/dam/fishersci/en_US/documents/programs/scientific/technical-documents/data-sheets/fisher-scientific-atomic-weights-datasheet.pdf}}
