%% This BibTeX bibliography file was created using BibDesk.
%% https://bibdesk.sourceforge.io/

%% Created for Erin Schuman at 2025-06-10 17:50:20 -0400


%% Saved with string encoding Unicode (UTF-8)



@inbook{Iron 2025
	date-added = {2025-06-10 17:47:15 -0400},
	date-modified = {2025-06-10 17:49:47 -0400},
	keywords = {iron energy inputs},
	pages = {2.18-23, 4.11-12, 9.9-10},
	publisher = {Energy and Environmental Profile of the U.S. Mining Industry},
	title = {Chapter Four Iron}}

@url{Fisher 2025
	author = {Fisher Scientific},
	date-added = {2025-06-10 17:14:07 -0400},
	date-modified = {2025-06-10 17:15:09 -0400},
	keywords = {molecular weight},
	lastchecked = {June 10 2025},
	title = {Atomic Weights of the Elements},
	urldate = {https://www.fishersci.com/content/dam/fishersci/en_US/documents/programs/scientific/technical-documents/data-sheets/fisher-scientific-atomic-weights-datasheet.pdf }}

@book{Kotas 1995
	address = {Malabar, Florida},
	author = {Kotas, T.J.},
	date-added = {2025-06-10 17:12:16 -0400},
	date-modified = {2025-06-10 17:13:47 -0400},
	keywords = {exergy of anthrocite coal eqn.},
	publisher = {Krieger Publishing Company},
	title = {The Exergy Method of Thermal Plant Analysis},
	year = {1995}}

@book{Cengel 2015
	address = {New York, New York},
	author = {Cengel, Yunus A.; Boles, Michael, A.},
	date-added = {2025-06-10 17:09:32 -0400},
	date-modified = {2025-06-10 17:11:39 -0400},
	edition = {8},
	keywords = {enthalpy, entropy},
	publisher = {McGraw-Hill},
	title = {Thermodynamics, An Engineering Approach},
	year = {2015}}

@book{Valero 2015
	author = {Valero Capilla, A.; Valero Delgado, A.},
	date-added = {2025-06-10 17:07:01 -0400},
	date-modified = {2025-06-10 17:08:36 -0400},
	keywords = {chemical exergy of elements},
	publisher = {World Scientific Publishing Co. Pte. Ltd},
	title = {Thanatia, The Destiny of the Earth's Mineral Resources},
	year = {2015}}

@webpage{Valero 2018
	date-added = {2025-06-10 17:05:13 -0400},
	date-modified = {2025-06-10 17:06:47 -0400},
	keywords = {exergy calculator},
	lastchecked = {June 10 2025},
	month = {2018},
	url = {https://www.exergoecology.com/excalc/new_calc_exergy }}

@book{Dean 1979
	address = {New York, New York},
	author = {Dean, John A.},
	date-added = {2025-06-10 17:02:59 -0400},
	date-modified = {2025-06-10 17:09:28 -0400},
	journal = {McGraw-Hill},
	pages = {9.4-94},
	publisher = {McGraw-Hill},
	title = {Lange's Handbook of Chemistry},
	year = {1979}}
